@misc{Felgenhauer,
    author = {Bertram Felgenhauer, Frazer Jarvis},
    title = {\textit{Mathematics of Sudoku I}},
    year = {2006},
    howpublished = {\url{http://www.afjarvis.staff.shef.ac.uk/sudoku/felgenhauer_jarvis_spec1.pdf}}
}

@misc{Kapanowski,
    author = {Andrzej Kapanowski},
    title = {\textit{Python for Education: The Exact Cover Problem}},
    year = {2010},
    howpublished = {\url{https://arxiv.org/pdf/1307.7042.pdf}}
}

@misc{Wilson,
    author = {Robin Wilson},
    title = {\textit{The Sudoku Epidemic}},
    year = {2006},
    howpublished = {\url{http://www.ams.jhu.edu/~castello/150/handouts/SudokuEpidemic.pdf}}
}

@misc{Berggren,
    author = {Patrik Berggren, David Nilsson},
    title = {\textit{A Study of Sudoku solving algorithms}},
    year = {2012},
    howpublished = {\url{http://www.csc.kth.se/utbildning/kth/kurser/DD143X/dkand12/Group6Alexander/report/PATRIK_BERGGREN_DAVID_NILSSON.rapport.pdf}}
}

@misc{Knuth,
    author = {Donald Knuth},
    title = {\textit{Dancing Links}},
    year = {2000},
    howpublished = {\url{https://www.ocf.berkeley.edu/~jchu/publicportal/sudoku/0011047.pdf}}
}

@misc{Dahlke,
   author = {Karl Dahlke},
   title = {\textit{Exact Cover}},
   year = {2008},
   howpublished = {\url{http://www.mathreference.com/lan-cx-np,excov.html}}
}

@misc{Cazenave,
   author = {Tristan Cazenave},
   title = {\textit{A search based Sudoku solver}},
   year = {2012},
   howpublished = {\url{http://www.lamsade.dauphine.fr/~cazenave/papers/sudoku.pdf}}
}

@misc{Yato,
   author = {Takayuki Yato, Takahiro Seta},
   title = {\textit{Complexity and Completeness of Finding Another Solution and Its Application to Puzzles}},
   year = {2003},
   howpublished = {\url{http://www-imai.is.s.u-tokyo.ac.jp/~yato/data2/SIGAL87-2.pdf}}
}

@misc{Harrysson,
   author = {Mattias Harrysson, Hjalmar Laestander},
   title = {\textit{Solving Sudoku efficiently with Dancing Links}},
   year = {2014},
   howpublished = {\url{https://www.kth.se/social/files/58861771f276547fe1dbf8d1/HLaestanderMHarrysson_dkand14.pdf}}
}

@misc{Nivasch,
   author = {Gabriel Nivasch},
   title = {\textit{Solving Pentomino Puzzles with Backtracking}},
   year = {2004},
   howpublished = {\url{http://www.cs.brandeis.edu/~storer/JimPuzzles/PACK/Pentominoes/LINKS/PentominoesNivasch.pdf}}
}

@misc{Mukherjee,
   author = {Soham Mukherjee and Santanu Datta and Pramit Brata Chanda and Pratik Pathak},
   title = {\textit{Comparative Study of Different Algorithms to Solve N Queens Problem}},
   year = {2015},
   howpublished = {\url{http://wireilla.com/papers/ijfcst/V5N2/5215ijfcst02.pdf}}
}

@misc{Bemman,
   author = {Brian Bemman, David Meredith},
   title = {\textit{Exact Cover Problem in Milton Babbit's All-Partition Array}},
   year = {2015},
   howpublished = {\url{http://www.titanmusic.com/papers/public/BemmanMeredithMCM2015.pdf}}
}

@misc{Arora,
   author = {Sanjeev Arora, Boaz Barak},
   title = {\textit{Computational Complexity: A Modern Approach}},
   year = {2007},
   howpublished = {\url{http://theory.cs.princeton.edu/complexity/book.pdf}}
}

@misc{Jones,
   author = {Sian Jones, Stephanie Perkins, Paul Roach},
   title = {\textit{Properties of Sudoku Puzzles}},
   year = {2007}
}

@misc{McGuire,
   author = {Gary McGuire, Bastian Tugemann, Gilles Civario},
   title = {\textit{There is no 16-clue Sudoku: Solving the Sudoku Minimum Number of Clues Problem}},
   year = {2012},
   howpublished = {\url{http://www.math.ie/McGuire_V1.pdf}}
}
